@Misc{AgênciaGov2024,
  author       = {Agência GOV},
  title        = {Brasil e países do Mercosul fazem projeções para o agronegócio},
  howpublished = {Relatório online},
  year         = {2024},
  url          = {https://agenciagov.ebc.com.br/noticias/202410/brasil-elabora-documento-com-projecoes-para-o-agronegocio-em-parceria-com-paises-do-mercosul},
  urldate      = {2024-10-22}
}


@Misc{carnaz2016,
  author       = {Carnaz, G. J. F.; Nogueira, V},
  title        = {An Overview of IoT and Healthcare. Repositório Universidade de Évora},
  howpublished = {Actas das 6as Jornadas de Informática de Universidade de Évora},
  address      = {Evora},
  year         = {2016},
  url          = {http://hdl.handle.net/10174/19998},
  urldate      = {2024-10-22},
  }

@Misc{cepea2024,
  author       = {Centro de Estudos em Economia Aplicada {CEPEA}},
  title        = {PIB do Agronegócio Brasileiro},
  howpublished = {},
  address      = {},
  year         = {2024},
  url          = {https://cepea.esalq.usp.br/br/pib-do-agronegocio-brasileiro.aspx},
  urldate      = {2024-10-22},
  }


@misc{chloe2021,
  author       = {Chole, A.S. and Jadhav, A.R. and Shinde, V.N.},
  title        = {Vertical Farming: Controlled Environment Agriculture},
  journal      = {Just Agriculture},
  volume       = {1},
  number       = {5},
  pages        = {249--255},
  year         = {2021},
  url          = {https://justagriculture.in/files/newsletter/2021/jan/055.pdf},
}



@book{elmasri2005,
  title={Sistemas de Banco de Dados},
  author={Elmasri, R.; Navathe, S.B},
  year={2005},
  publisher={Pearson},
}

@Misc{govsp2024,
  author       = {{Governo de São Paulo}},
  title        = {Governo anuncia investimentos para o Vale do Ribeira},
  howpublished = {},
  address      = {},
  year         = {2024},
  url          = {https://www.saopaulo.sp.gov.br/spnoticias/ultimas-noticias/governo-anuncia-investimentos-para-o-vale-do-ribeira/},
  urldate      = {2024-10-22},
  }

@Misc{gundim2022,
  author       = {GUNDIM, L. L. S.; LIMA, R. P},
  title        = {Edifícios agroprodutivos: a fazenda vertical como modelo sustentável de agricultura urbana},
  howpublished = {Repositorio da Universidade Federal de Santa Catarina (UFSC)},
  address      = {Florianopolis, SC},
  year         = {2022},
  url          = {https://repositorio.ufsc.br/bitstream/handle/123456789/245051/Vol.%205%20474%20-%20485.pdf?sequence=1&isAllowed=y},
  urldate      = {2024-10-22},
}

@book{ingram2023,
  title={The Future of Us: The Science of What We'll Eat, Where We'll Live, and Who We'll Be},
  author={Ingram, Jay},
  year={2023},
  publisher={Simon and Schuster},
}

@Misc{karmali2019,
  author       = {Karmali, Sara},
  title        = {Desenvolvimento de aplicação móvel para submissão/revisão de despesas recorrendo a metodologias ágeis de desenvolvimento e à plataforma low-code OutSystems},
  howpublished = {Repositório do Instituto Universitario de Lisboa},
  address      = {Lisboa},
  year         = {2019},
  url          = {http://hdl.handle.net/10071/20094},
  }

@book{haykin2001,
  title={Redes neurais - Princípio e prática, 2a ed},
  author={Haykin, Simon},
  year={2001},
  publisher={Bookman},
}

@misc{luz2006,
  author       = {Luz, J. M. Q. and Guimaraes, S. T. M. R. and Korndofer, G. H.},
  title        = {Producao hidroponica de alface em solução nutritiva com e sem silicio},
  journal      = {Horticultura Brasileira},
  volume       = {24},
  number       = {3},
  pages        = {295--300},
  year         = {2006},
  url          = {https://www.scielo.br/j/hb/a/99RFWNLdK6G8HNLtFBpDzrL/?format=pdf&lang=pt}
}

@Misc{nacoesunidas2024,
  author       = {Organização Nações Unidas ONU},
  title        = {Sobre o nosso trabalho para alcançar os Objetivos de Desenvolvimento Sustentável no Brasil},
  howpublished = {},
  address      = {},
  year         = {2024},
  url          = {https://brasil.un.org/pt-br/sdgs},
  urldate      = {2024-10-22},
  }

@Misc{unric2024,
  author       = {Organização Nações Unidas ONU},
  title        = {História da ONU},
  howpublished = {},
  address      = {},
  year         = {2024},
  url          = {https://unric.org/pt/historia-da-onu},
  urldate      = {2024-10-22},
  }

@Article{phukan2022,
  author       = {Phukan, Anshuuman},
  title        = {Hydroponics using IOT and Machine Learning},
  journal      = {International Research Journal of Engineering and Technology IRJET},
  publisher    = {Irjet},
  volume       = {9},
  number       = {10},
  pages        = {207--211},
  year         = {2022},
  url          = {https://www.irjet.net/archives/V9/i10/IRJET-V9I1035.pdf},
}

@Article{quastharin2016,
  author       = {Quastharin, A., R},
  title        = {Business model canvas for social enterprise},
  journal      = {Journal of Business and Economics},
  publisher    = {Academic Star Publishing Company},
  volume       = {7},
  number       = {4},
  pages        = {627--637},
  year         = {2016},
  month        = {7},
  url          = {http://www.academicstar.us/UploadFile/Picture/2016-10/2016101151026221.pdf},
}

@Misc{rocha2019,
  author       = {Rocha, G. S. C},
  title        = {Engenharia de Software: Aplicativos web progressivos nativos para o comércio utilizando inteligências artificial para tomada de decisões},
  howpublished = {Scientia Repositório Institucional},
  address      = {Santa Barabara D'oeste},
  year         = {2019},
  url          = {https://repositorio.pgsscogna.com.br/bitstream/123456789/28483/1/GABRIEL_DA_SILVA_COSTA_ROCHA_DEFESA.pdf},
  }

@article{saraswathy2020,
  author       = {Saraswathy, V. R. and Nithiesh, C. and Kumaravel, P. S. and Ruphasri, S.},
  title        = {Integrating Intelligence in Hydroponic Farms},
  journal      = {International Journal of Electrical Engineering and Technology (IJEET)},
  volume       = {11},
  number       = {4},
  pages        = {150--158},
  year         = {2020},
  url          = {https://iaeme.com/Home/issue/IJEET?Volume=11&Issue=4},
}


@Misc{seade2024PibVale,
  author       = {Fundação Sistema Estadual de Análise de Dados SEADE},
  title        = {PIB cresceu em oito regiões do estado de São Paulo em 2023},
  howpublished = {},
  address      = {},
  year         = {2024},
  url          = {https://www.seade.gov.br/pib-cresceu-em-oito-regioes-do-estado-de-sao-paulo-em-2023/},
  urldate      = {2024-10-22},
  }

@Misc{seade2024Pib,
  author       = {Fundação Sistema Estadual de Análise de Dados SEADE},
  title        = {Seade PIB},
  howpublished = {},
  address      = {},
  year         = {2024},
  url          = {https://pib.seade.gov.br/anual/},
  urldate      = {2024-10-22},
  }

@Misc{sebrae2024,
  author       = {Serviço Brasileiro de Apoio as Micro e Pequenas Empresas SEBRAE},
  title        = {Crie seu modelo de negócios de graça com Sebrae Canvas},
  howpublished = {},
  address      = {},
  year         = {2024},
  url          = {https://canvas-apps.pr.sebrae.com.br/},
  urldate      = {2024-10-22},
  }

@book{sommerville2018,
  title={Engenharia de Software},
  author={Sommerville, Ian},
  year={2018},
  publisher={Pearson},
}

@article{suresh2024,
  author       = {Suresh, V. and Lohasundari, T. and Shanmukha, S. and Ali, M. and Srinivasan, S.},
  title        = {IOT Based Automated Indoor Hydroponic Farming System},
  journal      = {E3S Web of Conferences},
  volume       = {547},
  year         = {2024},
  doi          = {10.1051/e3sconf/202454702002},
  url          = {https://www.e3s-conferences.org/articles/e3sconf/abs/2024/77/e3sconf_icsget2024_02002/e3sconf_icsget2024_02002.html}
}


@Misc{terra2020,
  author       = {Terra, Ricardo},
  title        = {Modelagem Entidade-Relacionamento com TerraER},
  howpublished = {},
  address      = {},
  year         = {2020},
  url          = {http://professores.dcc.ufla.br/~terra/publications_files/2020_sbbd_demo.pdf},
  urldate      = {2024-10-22},
  }

@book{lee2019inteligencia,
  title={Intelig{\^e}ncia artificial},
  author={Lee, Kai-Fu},
  year={2019},
  publisher={Globo livros},
}

@book{martha2010,
  title={Marketing na era digital},
  author={Gabriel, Martha},
  year={2010},
  publisher={Novatec},
}

@Article{Alencar2007,
  author       = {Alencar, Luciana Hazin and de Almeida, Adiel Teixeira and Mota, Caroline Maria{ }de Miranda},
  title        = {Sistemática proposta para seleção de fornecedores em gestão de projetos},
  journal      = {Gestão {\&} Produção},
  publisher    = {Universidade Federal de São Carlos (UFSCar)},
  volume       = {14},
  number       = {3},
  pages        = {477--487},
  year         = {2007},
  month        = {dec},
  doi          = {10.1590/s0104-530x2007000300005},
  issn         = {0104-530X},
}

@InBook{Carvalho2004,
  author       = {de Carvalho, Valter Rodrigues},
  title        = {Qualidade de Vida no Trabalho},
  bookauthor   = {Oliveira, O. J.},
  booktitle    = {Gestão da Qualidade},
  booksubtitle = {Tópicos Avançados},
  publisher    = {Cengage Learning},
  address      = {São Paulo, SP},
  chapter      = {11},
  pages        = {159--168},
  year         = {2004},
  isbn         = {9788522113897},
}

@InProceedings{Ramos2003,
  author       = {Ramos, Anatália Saraiva Martins and Miranda, Ana Lúcia Brenner},
  title        = {Processo de adoção de um sistema integrado de gestão (ERP)},
  subtitle     = {uma pesquisa qualitativa com gestores da Unimed/Natal},
  booktitle    = {Anais [\ldots].},
  eventtitle   = {Encontro Nacional de Engenharia de Produção (ENEGEP)},
  eventdate    = {2003-10},
  organization = {Universidade Federal de Ouro Preto (UFOP)},
  publisher    = {Associação Brasileira de Engenharia de Produção (ABEPRO)},
  address      = {Rio de Janeiro, RJ},
  venue        = {Ouro Preto, MG},
  number       = {23},
  pages        = {1--8},
  year         = {2003},
  url          = {http://www.abepro.org.br/biblioteca/ENEGEP2003_TR0903_1652.pdf},
  urldate      = {2023-12-05},
  note         = {Paper ID: ENEGEP2003-TR0903-1652},
}

@MastersThesis{Purcidonio2008,
  author       = {Purcidonio, Paula Michelle},
  title        = {Práticas de gestão do conhecimento em arranjo produtivo local},
  subtitle     = {o setor moveleiro de Arapongas {\textemdash} PR},
  eventdate    = {2008-02},
  school       = {Universidade Tecnológica Federal do Paraná},
  address      = {Ponta Grossa, PR},
  pagetotal    = {153},
  year         = {2008},
  url          = {http://repositorio.utfpr.edu.br/jspui/handle/1/3661},
  urldate      = {2023-12-05},
  type         = {Dissertação (Mestrado em Engenharia de Produção)},
}

@Misc{Beltrano2021,
  author       = {Beltrano, A.},
  title        = {Título do trabalho do Beltrano},
  editor       = {Sicrano, P.},
  year         = {2021},
}

@Misc{Fulano2021,
  author       = {Fulano, P.},
  title        = {Título do trabalho do Fulano},
  editor       = {Beltrano, P.},
  year         = {2021},
}

@Misc{UTFPR2018,
  author       = {UTFPR},
  title        = {Fachada campus Ponta Grossa},
  howpublished = {Portal da Universidade Tecnológica Federal do Paraná (UTFPR)},
  address      = {Ponta Grossa, PR},
  year         = {2018},
  url          = {http://portal.utfpr.edu.br/comunicacao/galeria-de-fotos/},
  urldate      = {2023-12-05},
  note         = {Galeria de fotos},
}

@Book{knuth:84,
  author = 	 {Donald E. Knuth},
  title = 	 {The {\TeX} Book},
  publisher = 	 {Addison-Wesley},
  year = 	 {1984},
  edition = 	 {15th},
}

@InCollection{boulic:91,
  author = 	 {R. Boulic and O. Renault},
  title = 	 {3D Hierarchies for Animation},
  booktitle = 	 {New Trends in Animation and Visualization},
  publisher =    {John Wiley {\&} Sons ltd.},
  year = 	 {1991},
  editor = 	 {Nadia Magnenat-Thalmann and Daniel Thalmann},
}

@InCollection{smith:99,
  author = 	 {A. Smith and B. Jones},
  title = 	 {On the Complexity of Computing},
  booktitle = 	 {Advances in Computer Science},
  pages = 	 {555--566},
  publisher =    {Publishing Press},
  year = 	 {1999},
  editor = 	 {A. B. Smith-Jones},
}

@PhdThesis{Andujar2006,
  author       = {Andujar, Andrea Martins},
  title        = {Modelo de qualidade de vida dentro dos domínios bio-psico-social para aposentados},
  eventdate    = {2006-05},
  school       = {Universidade Federal de Santa Catarina},
  address      = {Florianópolis, SC},
  pagetotal    = {206},
  year         = {2006},
  url          = {http://repositorio.ufsc.br/xmlui/handle/123456789/88517},
  urldate      = {2023-12-05},
  type         = {Tese (Doutorado em Engenharia de Produção)},
}

@Comment{jabref-meta: databaseType:biblatex;}
